@book{冯登国2000分组密码的设计与分析,
  title={分组密码的设计与分析},
  author={冯登国 and 吴文玲},
  year={2000},
  publisher={清华大学出版社}
}

@article{刘景伟2004aes,
  title={AES S 盒的密码特性分析},
  author={刘景伟 and 韦宝典 and 吕继强 and 王新梅},
  journal={西安电子科技大学学报},
  volume={31},
  number={2},
  pages={255--259},
  year={2004}
}

@article{刘晓晨2000满足若干密码学性质的,
  title={满足若干密码学性质的S-盒的构造},
  author={刘晓晨 and 冯登国},
  journal={软件学报},
  volume={11},
  number={10},
  pages={1299--1302},
  year={2000}
}

@article{高光普2017旋转对称布尔函数研究综述,
  title={旋转对称布尔函数研究综述},
  author={高光普},
  journal={密码学报},
  volume={4},
  number={3},
  pages={273--290},
  year={2017}
}

@article{吴丹2011s,
  title={S 盒抗差分分析与非线性度关系的研究},
  author={吴丹 and 徐蔚鸿},
  journal={长沙大学学报},
  volume={25},
  number={5},
  pages={32--34},
  year={2011}
}

@Misc{SageMath,
note = {\url{https://www.sagemath.org} Accessed:2019-03},
title = {SageMath, Open-Source Mathematical Software System},
author = {Léo Perrin, Friedrich Wiemer},
year={2019}
}

@article{DBLP:journals/bstj/Shannon49a,
  author    = {Claude E. Shannon},
  title     = {Communication theory of secrecy systems},
  journal   = {Bell Syst. Tech. J.},
  volume    = {28},
  number    = {4},
  pages     = {656--715},
  year      = {1949},
  url       = {https://doi.org/10.1002/j.1538-7305.1949.tb00928.x},
  doi       = {10.1002/j.1538-7305.1949.tb00928.x},
  timestamp = {Sat, 30 May 2020 20:01:09 +0200},
  biburl    = {https://dblp.org/rec/journals/bstj/Shannon49a.bib},
  bibsource = {dblp computer science bibliography, https://dblp.org}
}

@article{刘佳2013对称密码算法,
  title={对称密码算法 S 盒安全性分析},
  author={刘佳},
  journal={南京信息工程大学学报: 自然科学版},
  volume={5},
  number={4},
  pages={352--357},
  year={2013}
}

@article{DBLP:journals/tosc/BaoGLS19,
  author    = {Zhenzhen Bao and
               Jian Guo and
               San Ling and
               Yu Sasaki},
  title     = {{PEIGEN} - a Platform for Evaluation, Implementation, and Generation
               of S-boxes},
  journal   = {{IACR} Trans. Symmetric Cryptol.},
  volume    = {2019},
  number    = {1},
  pages     = {330--394},
  year      = {2019},
  url       = {https://doi.org/10.13154/tosc.v2019.i1.330-394},
  doi       = {10.13154/tosc.v2019.i1.330-394},
  timestamp = {Thu, 14 Oct 2021 09:21:53 +0200},
  biburl    = {https://dblp.org/rec/journals/tosc/BaoGLS19.bib},
  bibsource = {dblp computer science bibliography, https://dblp.org}
}

@article{DBLP:journals/corr/abs-2203-00778,
  author    = {Tron Omland and
               Pantelimon Stanica},
  title     = {Permutation rotation-symmetric Sboxes, liftings and affine equivalence},
  journal   = {CoRR},
  volume    = {abs/2203.00778},
  year      = {2022},
  url       = {https://doi.org/10.48550/arXiv.2203.00778},
  doi       = {10.48550/arXiv.2203.00778},
  eprinttype = {arXiv},
  eprint    = {2203.00778},
  timestamp = {Wed, 16 Mar 2022 16:39:52 +0100},
  biburl    = {https://dblp.org/rec/journals/corr/abs-2203-00778.bib},
  bibsource = {dblp computer science bibliography, https://dblp.org}
}

@inproceedings{webster1985design,
  title={On the design of S-boxes},
  author={Webster, AF and Tavares, Stafford E},
  booktitle={Conference on the theory and application of cryptographic techniques},
  pages={523--534},
  year={1985},
  organization={Springer}
}

@inproceedings{nyberg1991perfect,
  title={Perfect nonlinear S-boxes},
  author={Nyberg, Kaisa},
  booktitle={Workshop on the Theory and Application of of Cryptographic Techniques},
  pages={378--386},
  year={1991},
  organization={Springer}
}

@inproceedings{leander2007classification,
  title={On the classification of 4 bit S-boxes},
  author={Leander, Gregor and Poschmann, Axel},
  booktitle={International Workshop on the Arithmetic of Finite Fields},
  pages={159--176},
  year={2007},
  organization={Springer}
}

@article{dey20204,
  title={4-bit Boolean functions in generation and cryptanalysis of secure 4-bit crypto S-boxes},
  author={Dey, Sankhanil and Chakrabarti, Amlan and Ghosh, Ranjan},
  journal={Security and Privacy},
  volume={3},
  number={1},
  pages={e90},
  year={2020},
  publisher={Wiley Online Library}
}

@Misc{Magma,
note = {\url{http://magma.maths.usyd.edu} Accessed: 2021-11},
title = {Magma Computational Algebra System},
year={2021}
}

@Misc{libapn,
note = {\url{https://github.com/ANSSI-FR/libapn} Latest commit on May 2019},
title = {libapn},
author = {Jean-Pierre Flori, Jérémy Jean},
year={2019}
}

@article{alvarez2016algorithm,
  title={Algorithm 959: VBF: A library of C++ classes for vector Boolean functions in cryptography},
  author={{\'A}lvarez-Cubero, Jos{\'e} Antonio and Zufiria, Pedro J},
  journal={ACM Transactions on Mathematical Software (TOMS)},
  volume={42},
  number={2},
  pages={1--22},
  year={2016},
  publisher={ACM New York, NY, USA}
}

@inproceedings{leander2011cryptanalysis,
  title={A cryptanalysis of PRINTcipher: the invariant subspace attack},
  author={Leander, Gregor and Abdelraheem, Mohamed Ahmed and AlKhzaimi, Hoda and Zenner, Erik},
  booktitle={Annual Cryptology Conference},
  pages={206--221},
  year={2011},
  organization={Springer}
}

@mastersthesis{杨斌2013s,
  title={S盒在序列密码中应用的研究},
  author={杨斌},
  year={2013},
  school={云南大学}
}

@inproceedings{DBLP:conf/wistp/PicekBJEG14,
  author    = {Stjepan Picek and
               Lejla Batina and
               Domagoj Jakobovic and
               Baris Ege and
               Marin Golub},
  editor    = {David Naccache and
               Damien Sauveron},
  title     = {S-box, SET, Match: {A} Toolbox for S-box Analysis},
  booktitle = {Information Security Theory and Practice. Securing the Internet of
               Things - 8th {IFIP} {WG} 11.2 International Workshop, {WISTP} 2014,
               Heraklion, Crete, Greece, June 30 - July 2, 2014. Proceedings},
  series    = {Lecture Notes in Computer Science},
  volume    = {8501},
  pages     = {140--149},
  publisher = {Springer},
  year      = {2014},
  url       = {https://doi.org/10.1007/978-3-662-43826-8\_10},
  doi       = {10.1007/978-3-662-43826-8\_10},
  timestamp = {Mon, 15 Jun 2020 17:08:34 +0200},
  biburl    = {https://dblp.org/rec/conf/wistp/PicekBJEG14.bib},
  bibsource = {dblp computer science bibliography, https://dblp.org}
}

@inproceedings{matsui1993linear,
  title={Linear cryptanalysis method for DES cipher},
  author={Matsui, Mitsuru},
  booktitle={Workshop on the Theory and Application of of Cryptographic Techniques},
  pages={386--397},
  year={1993},
  organization={Springer}
}

@article{pieprzyk1988towards,
  title={Towards effective nonlinear cryptosystem design},
  author={Pieprzyk, J and Finkelstein, G},
  journal={IEE Proceedings E-Computers and Digital Techniques},
  volume={135},
  number={6},
  pages={325--335},
  year={1988},
  publisher={IET}
}

@inproceedings{DBLP:conf/crypto/BihamS90,
  author    = {Eli Biham and
               Adi Shamir},
  editor    = {Alfred Menezes and
               Scott A. Vanstone},
  title     = {Differential Cryptanalysis of DES-like Cryptosystems},
  booktitle = {Advances in Cryptology - {CRYPTO} '90, 10th Annual International Cryptology
               Conference, Santa Barbara, California, USA, August 11-15, 1990, Proceedings},
  series    = {Lecture Notes in Computer Science},
  volume    = {537},
  pages     = {2--21},
  publisher = {Springer},
  year      = {1990},
  url       = {https://doi.org/10.1007/3-540-38424-3\_1},
  doi       = {10.1007/3-540-38424-3\_1},
  timestamp = {Fri, 17 Jul 2020 16:12:45 +0200},
  biburl    = {https://dblp.org/rec/conf/crypto/BihamS90.bib},
  bibsource = {dblp computer science bibliography, https://dblp.org}
}

@inproceedings{DBLP:conf/fse/Nyberg94,
  author    = {Kaisa Nyberg},
  editor    = {Bart Preneel},
  title     = {S-boxes and Round Functions with Controllable Linearity and Differential
               Uniformity},
  booktitle = {Fast Software Encryption: Second International Workshop. Leuven, Belgium,
               14-16 December 1994, Proceedings},
  series    = {Lecture Notes in Computer Science},
  volume    = {1008},
  pages     = {111--130},
  publisher = {Springer},
  year      = {1994},
  url       = {https://doi.org/10.1007/3-540-60590-8\_9},
  doi       = {10.1007/3-540-60590-8\_9},
  timestamp = {Tue, 14 May 2019 10:00:54 +0200},
  biburl    = {https://dblp.org/rec/conf/fse/Nyberg94.bib},
  bibsource = {dblp computer science bibliography, https://dblp.org}
}

@inproceedings{DBLP:conf/fse/Wagner99,
  author    = {David A. Wagner},
  editor    = {Lars R. Knudsen},
  title     = {The Boomerang Attack},
  booktitle = {Fast Software Encryption, 6th International Workshop, {FSE} '99, Rome,
               Italy, March 24-26, 1999, Proceedings},
  series    = {Lecture Notes in Computer Science},
  volume    = {1636},
  pages     = {156--170},
  publisher = {Springer},
  year      = {1999},
  url       = {https://doi.org/10.1007/3-540-48519-8\_12},
  doi       = {10.1007/3-540-48519-8\_12},
  timestamp = {Tue, 14 May 2019 10:00:54 +0200},
  biburl    = {https://dblp.org/rec/conf/fse/Wagner99.bib},
  bibsource = {dblp computer science bibliography, https://dblp.org}
}

@inproceedings{DBLP:conf/eurocrypt/CidHPSS18,
  author    = {Carlos Cid and
               Tao Huang and
               Thomas Peyrin and
               Yu Sasaki and
               Ling Song},
  editor    = {Jesper Buus Nielsen and
               Vincent Rijmen},
  title     = {Boomerang Connectivity Table: {A} New Cryptanalysis Tool},
  booktitle = {Advances in Cryptology - {EUROCRYPT} 2018 - 37th Annual International
               Conference on the Theory and Applications of Cryptographic Techniques,
               Tel Aviv, Israel, April 29 - May 3, 2018 Proceedings, Part {II}},
  series    = {Lecture Notes in Computer Science},
  volume    = {10821},
  pages     = {683--714},
  publisher = {Springer},
  year      = {2018},
  url       = {https://doi.org/10.1007/978-3-319-78375-8\_22},
  doi       = {10.1007/978-3-319-78375-8\_22},
  timestamp = {Fri, 27 Mar 2020 08:49:15 +0100},
  biburl    = {https://dblp.org/rec/conf/eurocrypt/CidHPSS18.bib},
  bibsource = {dblp computer science bibliography, https://dblp.org}
}

@inproceedings{DBLP:conf/crypto/DunkelmanKS10,
  author    = {Orr Dunkelman and
               Nathan Keller and
               Adi Shamir},
  editor    = {Tal Rabin},
  title     = {A Practical-Time Related-Key Attack on the {KASUMI} Cryptosystem Used
               in {GSM} and 3G Telephony},
  booktitle = {Advances in Cryptology - {CRYPTO} 2010, 30th Annual Cryptology Conference,
               Santa Barbara, CA, USA, August 15-19, 2010. Proceedings},
  series    = {Lecture Notes in Computer Science},
  volume    = {6223},
  pages     = {393--410},
  publisher = {Springer},
  year      = {2010},
  url       = {https://doi.org/10.1007/978-3-642-14623-7\_21},
  doi       = {10.1007/978-3-642-14623-7\_21},
  timestamp = {Tue, 14 May 2019 10:00:48 +0200},
  biburl    = {https://dblp.org/rec/conf/crypto/DunkelmanKS10.bib},
  bibsource = {dblp computer science bibliography, https://dblp.org}
}

@inproceedings{DBLP:conf/eurocrypt/CidHPSS18,
  author    = {Carlos Cid and
               Tao Huang and
               Thomas Peyrin and
               Yu Sasaki and
               Ling Song},
  editor    = {Jesper Buus Nielsen and
               Vincent Rijmen},
  title     = {Boomerang Connectivity Table: {A} New Cryptanalysis Tool},
  booktitle = {Advances in Cryptology - {EUROCRYPT} 2018 - 37th Annual International
               Conference on the Theory and Applications of Cryptographic Techniques,
               Tel Aviv, Israel, April 29 - May 3, 2018 Proceedings, Part {II}},
  series    = {Lecture Notes in Computer Science},
  volume    = {10821},
  pages     = {683--714},
  publisher = {Springer},
  year      = {2018},
  url       = {https://doi.org/10.1007/978-3-319-78375-8\_22},
  doi       = {10.1007/978-3-319-78375-8\_22},
  timestamp = {Fri, 27 Mar 2020 08:49:15 +0100},
  biburl    = {https://dblp.org/rec/conf/eurocrypt/CidHPSS18.bib},
  bibsource = {dblp computer science bibliography, https://dblp.org}
}

@article{sosa2016calculating,
  title={Calculating nonlinearity of boolean functions with walsh-hadamard transform},
  author={Sosa, Pedro Miguel},
  journal={UCSB, Santa Barbara},
  pages={1--4},
  year={2016}
}

@article{DBLP:journals/iacr/Dunkelman18,
  author    = {Orr Dunkelman},
  title     = {Efficient Construction of the Boomerang Connection Table},
  journal   = {{IACR} Cryptol. ePrint Arch.},
  pages     = {631},
  year      = {2018},
  url       = {https://eprint.iacr.org/2018/631},
  timestamp = {Mon, 11 May 2020 15:54:04 +0200},
  biburl    = {https://dblp.org/rec/journals/iacr/Dunkelman18.bib},
  bibsource = {dblp computer science bibliography, https://dblp.org}
}

@article{刘景伟2003rijndael,
  title={Rijndael S 盒代数性质研究},
  author={刘景伟 and 韦宝典 and 吕继强 and 王新梅},
  journal={计算机工程与应用},
  volume={39},
  number={31},
  pages={45--47},
  year={2003}
}

